% Single Author
@book{GATE,
author 		= 	{Jacques Steinberg},
title 		= 	"{The Gatekeeps}",
publisher 	= 	{Penguin Group LLC},
year 		= 	2002
}

% 2 Authors
@book{OMEN,
author    = {Richard M. Foote and Dummit, David S.},
title     = "{Good Omens: The Nice and Accurate Prophecies of Agnes Nutter, Witch}",
publisher = {William Morrow},
year      = 2006
}

% Article
@article{AI,
author		= {Cliff Kuang},
title		= "{Can A.I. Be Taught to Explain Itself?}",
journal		= "{The New York Times}",
volume		= 49,
pages		= "46",
year		= 2017
}

% Website
@misc{ANN,
	author	= "{Daniel Johnson}",
	title		= "{Composing Music With Recurrent Neural Networks}",
	month		= 8,
	year		= 2015,
	howpublished= {\url{http://www.hexahedria.com/2015/08/03/composing-music-with-recurrent-neural-networks/}}
}
